<record><leader>00000cas a22000007a 4500</leader><controlfield tag="001">8793740</controlfield><controlfield tag="008">820921d18351836aruwr ne      0    0eng  </controlfield><controlfield tag="009">466</controlfield><datafield ind1=" " ind2=" " tag="010"><subfield code="a">sn 82014276 </subfield></datafield><datafield ind1=" " ind2=" " tag="040"><subfield code="a">DLC</subfield><subfield code="b">eng</subfield><subfield code="c">DLC</subfield><subfield code="d">NPX</subfield><subfield code="d">DLC</subfield><subfield code="d">ANU</subfield><subfield code="d">CNW</subfield><subfield code="d">OBN</subfield><subfield code="d">OCL</subfield><subfield code="d">OCLCO</subfield><subfield code="d">OCLCF</subfield></datafield><datafield ind1="1" ind2=" " tag="029"><subfield code="a">AU@</subfield><subfield code="b">000020129832</subfield></datafield><datafield ind1=" " ind2=" " tag="042"><subfield code="a">msc</subfield></datafield><datafield ind1="0" ind2="0" tag="050"><subfield code="a">Newspaper 7107</subfield></datafield><datafield ind1="0" ind2=" " tag="130"><subfield code="a">Times (Little Rock, Ark.)</subfield></datafield><datafield ind1="0" ind2="4" tag="245"><subfield code="a">The Times.</subfield></datafield><datafield ind1=" " ind2=" " tag="260"><subfield code="a">Little Rock, A.T. [i.e. Ark.] :</subfield><subfield code="b">A.J. Hunt,</subfield></datafield><datafield ind1=" " ind2=" " tag="300"><subfield code="a">v.</subfield></datafield><datafield ind1=" " ind2=" " tag="310"><subfield code="a">Weekly</subfield></datafield><datafield ind1="0" ind2=" " tag="362"><subfield code="a">Vol. 1, no. 1 (Jan. 30, 1835)-v. 2, no. 27 (Aug. 1, 1836).</subfield></datafield><datafield ind1=" " ind2="0" tag="651"><subfield code="a">Little Rock (Ark.)</subfield><subfield code="v">Newspapers.</subfield></datafield><datafield ind1=" " ind2="0" tag="651"><subfield code="a">Pulaski County (Ark.)</subfield><subfield code="v">Newspapers.</subfield></datafield><datafield ind1=" " ind2="7" tag="655"><subfield code="a">Newspapers.</subfield><subfield code="2">fast</subfield><subfield code="0">(OCoLC)fst01423814</subfield></datafield><datafield ind1=" " ind2="7" tag="651"><subfield code="a">Arkansas</subfield><subfield code="z">Little Rock.</subfield><subfield code="2">fast</subfield><subfield code="0">(OCoLC)fst01206922</subfield></datafield><datafield ind1=" " ind2="7" tag="651"><subfield code="a">Arkansas</subfield><subfield code="z">Pulaski County.</subfield><subfield code="2">fast</subfield><subfield code="0">(OCoLC)fst01208517</subfield></datafield><datafield ind1=" " ind2=" " tag="752"><subfield code="a">United States</subfield><subfield code="b">Arkansas</subfield><subfield code="c">Pulaski</subfield><subfield code="d">Little Rock.</subfield></datafield><datafield ind1="0" ind2="0" tag="780"><subfield code="t">Political intelligencer (Little Rock, Ark.)</subfield><subfield code="w">(DLC)sn 93053973</subfield><subfield code="w">(OCoLC)28157962</subfield></datafield><datafield ind1="0" ind2="0" tag="785"><subfield code="t">Arkansas weekly times</subfield><subfield code="w">(DLC)sn 82014271</subfield><subfield code="w">(OCoLC)8793694</subfield></datafield></record>